<?xml version="1.0" encoding="UTF-8"?><collection xmlns="http://www.loc.gov/MARC21/slim"><record><leader>00492nam--2200133-i-4500</leader><controlfield tag="001">000006341</controlfield><controlfield tag="002">20161230</controlfield><controlfield tag="005">20170210015052</controlfield><controlfield tag="008">060222s1000------------r-----000-0-eng-d</controlfield><datafield ind1=" " ind2=" " tag="245"><subfield code="a">Supplement aux dictionnaires elsevier. Electronique, physique nucleaire et telecommun ications. En six langues: anglais/americain/fr ancais/espanol/italien/hollandais et allemand. Prepare par ..</subfield></datafield><datafield ind1=" " ind2=" " tag="260"><subfield code="a">Paris</subfield><subfield code="b">Dunod Editeur</subfield><subfield code="c">1963</subfield></datafield><datafield ind1=" " ind2=" " tag="300"><subfield code="a">633 p</subfield></datafield><datafield ind1=" " ind2=" " tag="700"><subfield code="a">Clason, W. E</subfield></datafield><datafield ind1=" " ind2=" " tag="CAT"><subfield code="a">SYS</subfield><subfield code="c">20170210</subfield><subfield code="h">015052</subfield></datafield></record></collection>